%% This BibTeX bibliography file was created using BibDesk.
%% http://bibdesk.sourceforge.net/


%% Created for Rodrigo Coura Torres at 2009-03-03 14:44:23 -0300 


%% Saved with string encoding Unicode (UTF-8) 



@phdthesis{bib:dsc_rabello,
	Author = {Andr{\'e} Rabello {dos Anjos}},
	Date-Added = {2009-03-03 14:42:24 -0300},
	Date-Modified = {2009-03-03 14:44:18 -0300},
	Month = {dezembro},
	School = {Universidade Federal do Rio de Janeiro},
	Title = {Sistema Online de Filtragem em um Ambiente com Alta Taxa de Eventos},
	Year = {2006}}

@article{bib:enfpc_2007,
	Author = {Rodrigo Coura Torres and Jos\'{e} Manoel Seixas},
	Date-Added = {2009-02-20 14:15:19 -0300},
	Date-Modified = {2009-02-20 14:22:29 -0300},
	Journal = {Encontro Nacional de F{\'\i}sica de Part{\'\i}culas e Campos},
	Title = {Ferramenta de Configura{\c c}{\~a}o para o Sistema de Filtragem do {ATLAS}},
	Year = {2007}}

@article{bib:enfpc_2005_2,
	Author = {Andre {dos Anjos} and Rodrigo Coura Torres and Bruno Carneiro Ferreira and Thiago Ciodaro Xavier and Jos\'{e} Manoel Seixas and Denis Oliveira Damazio},
	Date-Added = {2009-02-20 14:13:08 -0300},
	Date-Modified = {2009-02-20 14:14:57 -0300},
	Journal = {Encontro Nacional de F{\'\i}sica de Part{\'\i}culas e Campos},
	Pages = {1-8},
	Title = {Otimiza{\c c}{\~a}o do Sistema de Trigger do Segundo N{\'\i}vel do {ATLAS} Baseado em Calorimetria},
	Year = {2005}}

@article{bib:enfpc_2005,
	Author = {Andre {dos Anjos} and Rodrigo Coura Torres and Bruno Carneiro Ferreira and Thiago Ciodaro Xavier and Jos\'{e} Manoel Seixas},
	Date-Added = {2009-02-20 14:10:22 -0300},
	Date-Modified = {2009-02-20 14:12:38 -0300},
	Journal = {Encontro Nacional de F{\'\i}sica de Part{\'\i}culas e Campos},
	Pages = {1-5},
	Title = {Discrimina{\c c}{\~a}o Neural de El{\'e}trons no Segundo N{\'\i}vel do Trigger do ATLAS},
	Year = {2005}}

@article{bib:enfpc_2006,
	Author = {Rodrigo Coura Torres and Jos\'{e} Manoel Seixas},
	Date-Added = {2009-02-20 14:07:55 -0300},
	Date-Modified = {2009-02-20 14:08:51 -0300},
	Journal = {Encontro Nacional de F{\'\i}sica de Part{\'\i}culas e Campos},
	Title = {Ferramenta de Configura{\c c}{\~a}o para o Sistema de Filtragem do {ATLAS}},
	Year = {2006}}

@article{bib:cba_2008,
	Author = {Rodrigo Coura Torres and Jos\'{e} Manoel Seixas},
	Date-Added = {2009-02-20 14:04:24 -0300},
	Date-Modified = {2009-02-20 14:07:53 -0300},
	Journal = {Congresso Brasileiro de Autom{\'a}tica ({CBA})},
	Pages = {1-6},
	Title = {Configura{\c c}{\~a}o Autom{\'a}tica para um Sistema de Filtragem Online de Alta Complexidade},
	Year = {2008},
	Bdsk-File-1 = {YnBsaXN0MDDUAQIDBAUGCQpYJHZlcnNpb25UJHRvcFkkYXJjaGl2ZXJYJG9iamVjdHMSAAGGoNE
HCFRyb290gAFfEA9OU0tleWVkQXJjaGl2ZXKoCwwXGBkdJCVVJG51bGzTDQ4PEBEUViRjbGFzc1
dOUy5rZXlzWk5TLm9iamVjdHOAB6ISE4ACgAOiFRaABIAGWWFsaWFzRGF0YVxyZWxhdGl2ZVBhd
GjSDRobHFdOUy5kYXRhgAVPEQGEAAAAAAGEAAIAAAxNYWNpbnRvc2ggSEQAAAAAAAAAAAAAAAAA
AADFCI4CSCsAAAAGFQYJcGFwZXIucGRmAAAAAAAAAAAAAAAAAAAAAAAAAAAAAAAAAAAAAAAAAAA
AAAAAAAAAAAAAAAAAAAAAAAAAAAAAAAYVIsSmUo4AAAAAAAAAAAADAAUAAAkgAAAAAAAAAAAAAA
AAAAAAA3NyYwAAEAAIAADFCLgyAAAAEQAIAADEpny+AAAAAQAYAAYVBgAGFNgABhTWAAXRFgADh
IkAAHmMAAIAOE1hY2ludG9zaCBIRDpVc2VyczpydG9ycmVzOlBhcGVyczpDQkE6MjAwODpzcmM6
cGFwZXIucGRmAA4AFAAJAHAAYQBwAGUAcgAuAHAAZABmAA8AGgAMAE0AYQBjAGkAbgB0AG8AcwB
oACAASABEABIAK1VzZXJzL3J0b3JyZXMvUGFwZXJzL0NCQS8yMDA4L3NyYy9wYXBlci5wZGYAAB
MAAS8AABUAAgAO//8AANIeHyAhWCRjbGFzc2VzWiRjbGFzc25hbWWjISIjXU5TTXV0YWJsZURhd
GFWTlNEYXRhWE5TT2JqZWN0XxAmLi4vLi4vLi4vUGFwZXJzL0NCQS8yMDA4L3NyYy9wYXBlci5w
ZGbSHh8mJ6InI1xOU0RpY3Rpb25hcnkACAARABoAHwApADIANwA6AD8AQQBTAFwAYgBpAHAAeAC
DAIUAiACKAIwAjwCRAJMAnQCqAK8AtwC5AkECRgJPAloCXgJsAnMCfAKlAqoCrQAAAAAAAAIBAA
AAAAAAACgAAAAAAAAAAAAAAAAAAAK6}}

@article{bib:tdaq_integration,
	Author = {Riu, I. and Abolins, M. and Adragna, P. and Avolio, G. and Backlund, S. and Badescu, E. and Baines, J. and Batreanu, S. and Battaglia, A. and Beck, H.P. and Bee, C. and Bell, P. and Blair, R.R. and Bogaerts, A. and Bold, T. and Bosman, M. and Boyd, J. and Burckhart-Chromek, D. and Caprini, M. and Cimino, D. and Ciobotaru, M. and Corso-Radu, A. and Costa, M.J. and Torres, R.C. and Cranfield, R. and Crone, G. and Dawson, J. and De Almeida Simoes, J. and DellaPietra, M. and Demers, S. and Di Mattia, A. and Dobson, M. and Dos Anjos, A. and Dotti, A. and Drake, G. and Ellis, N. and Emeliyanov, D. and Ermoline, Y. and Eschrich, I. and Ferland, J. and Ferrari, R. and Ferrer, M.L. and Francis, D. and Gadomski, S. and Gameiro, S. and Garitaonandia, H. and Gaudio, G. and Gorini, B. and Gowdy, S. and Green, B. and Haberichter, W. and Hadavand, H. and Haeberli, C. and Hauschild, M. and Hauser, R. and Hillier, S. and Hinkelbein, C. and Hughes-Jones, R. and Idarraga, J. and Joos, M. and Kazarov, A. and Kehoe, R. and Kieft, G. and Kirk, J. and Kolos, S. and Kordas, K. and Korcyl, K. and Kugel, A. and Leahu, L. and Leahu, M. and Miotto, G.L. and Lellouch, D. and Mapelli, L. and Martin, B. and Masik, J. and Mcpherson, R. and Meessen, C. and Meirosu, C. and Mineev, M. and Misiejuk, A. and Mornacchi, G. and Mueller, M. and Garcia, R.M. and Nagasaka, Y. and Negri, A. and Padilla, C. and Parodi, F. and Pasqualucci, E. and Pauly, T. and Petersen, J. and Pope, B. and Renkel, P. and Roda, C. and Salvatore, D. and Scannicchio, D. and Schiavi, C. and Schlereth, J. and Scholtes, I. and Sivoklokov, S. and Sloper, J.E. and Soloviev, I. and Spiwoks, R. and Stancu, S. and Stelzer, J. and Strong, J. and Sushkov, S. and Tremblet, L. and Unel, G. and Vandelli, W. and Vermeulen, J. and Von Der Schmitt, J. and Werner, P. and Wheeler-Ellis, S. and Wickens, F. and Wiedenmann, W. and Wilkens, H. and Winklmeier, F. and Wu, X. and Yasu, Y. and Zema, F. and Zhang, J. and Zobernig, H.},
	Date-Added = {2009-02-19 20:19:33 -0300},
	Date-Modified = {2009-02-19 20:25:24 -0300},
	Journal = {IEEE Transactions on Nuclear Science},
	Month = {fevereiro},
	Number = {1},
	Pages = {106-112},
	Title = {Integration of the Trigger and Data Acquisition Systems in {ATLAS}},
	Volume = {55},
	Year = {2008},
	Bdsk-File-1 = {YnBsaXN0MDDUAQIDBAUGCQpYJHZlcnNpb25UJHRvcFkkYXJjaGl2ZXJYJG9iamVjdHMSAAGGoNE
HCFRyb290gAFfEA9OU0tleWVkQXJjaGl2ZXKoCwwXGBkdJCVVJG51bGzTDQ4PEBEUViRjbGFzc1
dOUy5rZXlzWk5TLm9iamVjdHOAB6ISE4ACgAOiFRaABIAGWWFsaWFzRGF0YVxyZWxhdGl2ZVBhd
GjSDRobHFdOUy5kYXRhgAVPEQH4AAAAAAH4AAIAAAxNYWNpbnRvc2ggSEQAAAAAAAAAAAAAAAAA
AADFCI4CSCsAAAAGcvQfSW50ZWdyYXRpb24gb2YgVERBUSAjMUY5MUQyLnBkZgAAAAAAAAAAAAA
AAAAAAAAAAAAAAAAAAAAAAAAAAAAAAB+R0sXDcPgAAAAAAAAAAAABAAMAAAkgAAAAAAAAAAAAAA
AAAAAABlBhcGVycwAQAAgAAMUIuDIAAAARAAgAAMXDmygAAAABABgABnL0AAZy8gAGJ0oABic/A
AOEiQAAeYwAAgBaTWFjaW50b3NoIEhEOlVzZXJzOnJ0b3JyZXM6RG91dG9yYWRvOlRlc2U6RG9j
dW1lbnRzOlBhcGVyczpJbnRlZ3JhdGlvbiBvZiBUREFRICMxRjkxRDIucGRmAA4AQgAgAEkAbgB
0AGUAZwByAGEAdABpAG8AbgAgAG8AZgAgAFQARABBAFEAIABpAG4AIABBAFQATABBAFMALgBwAG
QAZgAPABoADABNAGEAYwBpAG4AdABvAHMAaAAgAEgARAASAE5Vc2Vycy9ydG9ycmVzL0RvdXRvc
mFkby9UZXNlL0RvY3VtZW50cy9QYXBlcnMvSW50ZWdyYXRpb24gb2YgVERBUSBpbiBBVExBUy5w
ZGYAEwABLwAAFQACAA7//wAA0h4fICFYJGNsYXNzZXNaJGNsYXNzbmFtZaMhIiNdTlNNdXRhYmx
lRGF0YVZOU0RhdGFYTlNPYmplY3RfEDQuLi9Eb2N1bWVudHMvUGFwZXJzL0ludGVncmF0aW9uIG
9mIFREQVEgaW4gQVRMQVMucGRm0h4fJieiJyNcTlNEaWN0aW9uYXJ5AAgAEQAaAB8AKQAyADcAO
gA/AEEAUwBcAGIAaQBwAHgAgwCFAIgAigCMAI8AkQCTAJ0AqgCvALcAuQK1AroCwwLOAtIC4ALn
AvADJwMsAy8AAAAAAAACAQAAAAAAAAAoAAAAAAAAAAAAAAAAAAADPA==}}

@inproceedings{bib:lst_2006,
	Author = {Burckhart-Chromek, Doris and Abolins, M and Adragna, P and Alexandrov, L and Amorim, A and Armstrong, S and Badescu, E and Baines, J T M and Barros, N and Beck, H P and Bee, C and Blair, R and Bogaerts, J A C and Bold, T and Bosman, M and Caprini, M and Caramarcu, C and Ciobotaru, M and Comune, G and Corso-Radu, A and Cranfield, R and Crone, G and Dawson, J and Della Pietra, M and Di Mattia, A and Dobinson, Robert W and Dobson, M and Dos Anjos, A and Dotti, A and Drake, G and Ellis, Nick and Ermoline, Y and Ertorer, E and Falciano, S and Ferrari, R and Ferrer, M L and Francis, D and Gadomski, S and Gameiro, S and Garitaonandia, H and Gaudio, G and George, S and Gesualdi-Mello, A and Gorini, B and Green, B and Haas, S and Haberichter, W N and Hadavand, H and Haeberli, C and Haller, J and Hansen, J and Hauser, R and Hillier, S J and H{\"o}cker, A and Hughes-Jones, R E and Joos, M and Kazarov, A and Kieft, G and Klous, S and Kohno, T and Kolos, S and Korcyl, K and Kordas, K and Kotov, V and Kugel, A and Landon, M and Lankford, A and Leahu, L and Leahu, M and Lehmann-Miotto, G and Le Vine, M J and Liu, W and Maeno, T and M{\"a}nner, R and Mapelli, L and Martin, B and Masik, J and McLaren, R and Meessen, C and Meirosu, C and Mineev, M and Misiejuk, A and Morettini, P and Mornacchi, G and M{\"u}ller, M and Garcia-Murillo, R and Nagasaka, Y and Negri, A and Padilla, C and Pasqualucci, E and Pauly, T and Perera, V and Petersen, J and Pope, B and Albuquerque-Portes, M and Pretzl, K and Prigent, D and Roda, C and Ryabov, Yu and Salvatore, D and Schiavi, C and Schlereth, J L and Scholtes, I and Sole-Segura, E and Seixas, M and Sloper, J and Soloviev, I and Spiwoks, R and Stamen, R and Stancu, S and Strong, S and Sushkov, S and Szymocha, T and Tapprogge, S and Teixeira-Dias, P and Torres, R and Touchard, F and Tremblet, L and {\"U}nel, G and Van Wasen, J and Vandelli, W and Vaz-Gil-Lopes, L and Vermeulen, J C and von der Schmitt, H and Wengler, T and Werner, P and Wheeler, S and Wickens, F and Wiedenmann, W and Wiesmann, M and Wu, X and Yasu, Y and Yu, M and Zema, F and Zobernig, H},
	Booktitle = {Proceedings of the Computing in High Energy and Nuclear Physics (CHEP)},
	Date-Added = {2009-02-10 14:32:22 -0200},
	Date-Modified = {2009-02-10 21:03:26 -0200},
	Pages = {1-6},
	Title = {Testing on a Large Scale: Running the {ATLAS} Data Acquisition and High Level Trigger Software on 700 {PC} Nodes},
	Year = {2006},
	Bdsk-File-1 = {YnBsaXN0MDDUAQIDBAUGCQpYJHZlcnNpb25UJHRvcFkkYXJjaGl2ZXJYJG9iamVjdHMSAAGGoNE
HCFRyb290gAFfEA9OU0tleWVkQXJjaGl2ZXKoCwwXGBkdJCVVJG51bGzTDQ4PEBEUViRjbGFzc1
dOUy5rZXlzWk5TLm9iamVjdHOAB6ISE4ACgAOiFRaABIAGWWFsaWFzRGF0YVxyZWxhdGl2ZVBhd
GjSDRobHFdOUy5kYXRhgAVPEQHiAAAAAAHiAAIAAAxNYWNpbnRvc2ggSEQAAAAAAAAAAAAAAAAA
AADFCI4CSCsAAAAGcvQaTGFyZ2UgU2NhbGUgVGVzdHMgMjAwNi5wZGYAAAAAAAAAAAAAAAAAAAA
AAAAAAAAAAAAAAAAAAAAAAAAAAAAAAB1SS8W3QVYAAAAAAAAAAAABAAMAAAkgAAAAAAAAAAAAAA
AAAAAABlBhcGVycwAQAAgAAMUIuDIAAAARAAgAAMW3XXYAAAABABgABnL0AAZy8gAGJ0oABic/A
AOEiQAAeYwAAgBVTWFjaW50b3NoIEhEOlVzZXJzOnJ0b3JyZXM6RG91dG9yYWRvOlRlc2U6RG9j
dW1lbnRzOlBhcGVyczpMYXJnZSBTY2FsZSBUZXN0cyAyMDA2LnBkZgAADgA2ABoATABhAHIAZwB
lACAAUwBjAGEAbABlACAAVABlAHMAdABzACAAMgAwADAANgAuAHAAZABmAA8AGgAMAE0AYQBjAG
kAbgB0AG8AcwBoACAASABEABIASFVzZXJzL3J0b3JyZXMvRG91dG9yYWRvL1Rlc2UvRG9jdW1lb
nRzL1BhcGVycy9MYXJnZSBTY2FsZSBUZXN0cyAyMDA2LnBkZgATAAEvAAAVAAIADv//AADSHh8g
IVgkY2xhc3Nlc1okY2xhc3NuYW1loyEiI11OU011dGFibGVEYXRhVk5TRGF0YVhOU09iamVjdF8
QLi4uL0RvY3VtZW50cy9QYXBlcnMvTGFyZ2UgU2NhbGUgVGVzdHMgMjAwNi5wZGbSHh8mJ6InI1
xOU0RpY3Rpb25hcnkACAARABoAHwApADIANwA6AD8AQQBTAFwAYgBpAHAAeACDAIUAiACKAIwAj
wCRAJMAnQCqAK8AtwC5Ap8CpAKtArgCvALKAtEC2gMLAxADEwAAAAAAAAIBAAAAAAAAACgAAAAA
AAAAAAAAAAAAAAMg}}

@article{bib:root,
	Author = {Rene Brun and Fons Rademakers},
	Date-Added = {2009-02-10 10:40:36 -0200},
	Date-Modified = {2009-02-10 21:02:47 -0200},
	Journal = {Nuclear Instruments and Methods in Physics Research},
	Month = {abril},
	Number = {1-2},
	Pages = {81-86},
	Title = {{ROOT} - An Object Oriented Data Analysis Framework},
	Volume = {389},
	Year = {1997},
	Bdsk-File-1 = {YnBsaXN0MDDUAQIDBAUGCQpYJHZlcnNpb25UJHRvcFkkYXJjaGl2ZXJYJG9iamVjdHMSAAGGoNE
HCFRyb290gAFfEA9OU0tleWVkQXJjaGl2ZXKoCwwXGBkdJCVVJG51bGzTDQ4PEBEUViRjbGFzc1
dOUy5rZXlzWk5TLm9iamVjdHOAB6ISE4ACgAOiFRaABIAGWWFsaWFzRGF0YVxyZWxhdGl2ZVBhd
GjSDRobHFdOUy5kYXRhgAVPEQI4AAAAAAI4AAIAAAxNYWNpbnRvc2ggSEQAAAAAAAAAAAAAAAAA
AADFCI4CSCsAAAAGcvQfUk9PVCAtIEFuIE9iamVjdCBPcmkjMUQ0QjdDLnBkZgAAAAAAAAAAAAA
AAAAAAAAAAAAAAAAAAAAAAAAAAAAAAB1LfMW3DFwAAAAAAAAAAAABAAMAAAkgAAAAAAAAAAAAAA
AAAAAABlBhcGVycwAQAAgAAMUIuDIAAAARAAgAAMW3KHwAAAABABgABnL0AAZy8gAGJ0oABic/A
AOEiQAAeYwAAgBaTWFjaW50b3NoIEhEOlVzZXJzOnJ0b3JyZXM6RG91dG9yYWRvOlRlc2U6RG9j
dW1lbnRzOlBhcGVyczpST09UIC0gQW4gT2JqZWN0IE9yaSMxRDRCN0MucGRmAA4AbAA1AFIATwB
PAFQAIAAtACAAQQBuACAATwBiAGoAZQBjAHQAIABPAHIAaQBlAG4AdABlAGQAIABEAGEAdABhAC
AAQQBuAGEAbAB5AHMAaQBzACAARgByAGEAbQBlAHcAbwByAGsALgBwAGQAZgAPABoADABNAGEAY
wBpAG4AdABvAHMAaAAgAEgARAASAGNVc2Vycy9ydG9ycmVzL0RvdXRvcmFkby9UZXNlL0RvY3Vt
ZW50cy9QYXBlcnMvUk9PVCAtIEFuIE9iamVjdCBPcmllbnRlZCBEYXRhIEFuYWx5c2lzIEZyYW1
ld29yay5wZGYAABMAAS8AABUAAgAO//8AANIeHyAhWCRjbGFzc2VzWiRjbGFzc25hbWWjISIjXU
5TTXV0YWJsZURhdGFWTlNEYXRhWE5TT2JqZWN0XxBJLi4vRG9jdW1lbnRzL1BhcGVycy9ST09UI
C0gQW4gT2JqZWN0IE9yaWVudGVkIERhdGEgQW5hbHlzaXMgRnJhbWV3b3JrLnBkZtIeHyYnoicj
XE5TRGljdGlvbmFyeQAIABEAGgAfACkAMgA3ADoAPwBBAFMAXABiAGkAcAB4AIMAhQCIAIoAjAC
PAJEAkwCdAKoArwC3ALkC9QL6AwMDDgMSAyADJwMwA3wDgQOEAAAAAAAAAgEAAAAAAAAAKAAAAA
AAAAAAAAAAAAAAA5E=}}

@article{bib:oks,
	Author = {Roger Jones and Livio Mapelli and Yury Ryabov and Igor Soloviev},
	Date-Added = {2009-02-09 14:09:07 -0200},
	Date-Modified = {2009-02-10 21:02:26 -0200},
	Journal = {IEEE Transactions on Nuclear Science},
	Month = {agosto},
	Number = {4},
	Pages = {1958-1964},
	Title = {The {OKS} Persistent In-Memory Object Manager},
	Volume = {45},
	Year = {1998},
	Bdsk-File-1 = {YnBsaXN0MDDUAQIDBAUGCQpYJHZlcnNpb25UJHRvcFkkYXJjaGl2ZXJYJG9iamVjdHMSAAGGoNE
HCFRyb290gAFfEA9OU0tleWVkQXJjaGl2ZXKoCwwXGBkdJCVVJG51bGzTDQ4PEBEUViRjbGFzc1
dOUy5rZXlzWk5TLm9iamVjdHOAB6ISE4ACgAOiFRaABIAGWWFsaWFzRGF0YVxyZWxhdGl2ZVBhd
GjSDRobHFdOUy5kYXRhgAVPEQHoAAAAAAHoAAIAAAxNYWNpbnRvc2ggSEQAAAAAAAAAAAAAAAAA
AADFCI4CSCsAAAAYg9gfVGhlIE9LUyBQZXJzaXN0ZW50IEkjMUQzNDFBLnBkZgAAAAAAAAAAAAA
AAAAAAAAAAAAAAAAAAAAAAAAAAAAAAB00GsW15ZYAAAAAAAAAAAADAAIAAAkgAAAAAAAAAAAAAA
AAAAAABi5UcmFzaAAQAAgAAMUIuDIAAAARAAgAAMW2AbYAAAABAAwAGIPYAAOEiQAAeYwAAgBBT
WFjaW50b3NoIEhEOlVzZXJzOnJ0b3JyZXM6LlRyYXNoOlRoZSBPS1MgUGVyc2lzdGVudCBJIzFE
MzQxQS5wZGYAAA4AYAAvAFQAaABlACAATwBLAFMAIABQAGUAcgBzAGkAcwB0AGUAbgB0ACAASQB
uAC0ATQBlAG0AbwByAHkAIABPAGIAagBlAGMAdAAgAE0AYQBuAGEAZwBlAHIALgBwAGQAZgAPAB
oADABNAGEAYwBpAG4AdABvAHMAaAAgAEgARAASAERVc2Vycy9ydG9ycmVzLy5UcmFzaC9UaGUgT
0tTIFBlcnNpc3RlbnQgSW4tTWVtb3J5IE9iamVjdCBNYW5hZ2VyLnBkZgATAAEvAAAVAAIADv//
AADSHh8gIVgkY2xhc3Nlc1okY2xhc3NuYW1loyEiI11OU011dGFibGVEYXRhVk5TRGF0YVhOU09
iamVjdF8QPy4uLy4uLy4uLy5UcmFzaC9UaGUgT0tTIFBlcnNpc3RlbnQgSW4tTWVtb3J5IE9iam
VjdCBNYW5hZ2VyLnBkZtIeHyYnoicjXE5TRGljdGlvbmFyeQAIABEAGgAfACkAMgA3ADoAPwBBA
FMAXABiAGkAcAB4AIMAhQCIAIoAjACPAJEAkwCdAKoArwC3ALkCpQKqArMCvgLCAtAC1wLgAyID
JwMqAAAAAAAAAgEAAAAAAAAAKAAAAAAAAAAAAAAAAAAAAzc=}}

@article{bib:atlas,
	Author = {{The ATLAS Collaboration}},
	Date-Added = {2009-02-06 15:24:13 -0200},
	Date-Modified = {2009-02-06 15:29:26 -0200},
	Journal = {Journal of Instrumentation},
	Month = {agosto},
	Number = {2008 JINST 3 S08003},
	Title = {The {ATLAS} Experiment at the {CERN} Large Hadron Collider},
	Year = {2008},
	Bdsk-File-1 = {YnBsaXN0MDDUAQIDBAUGCQpYJHZlcnNpb25UJHRvcFkkYXJjaGl2ZXJYJG9iamVjdHMSAAGGoNE
HCFRyb290gAFfEA9OU0tleWVkQXJjaGl2ZXKoCwwXGBkdJCVVJG51bGzTDQ4PEBEUViRjbGFzc1
dOUy5rZXlzWk5TLm9iamVjdHOAB6ISE4ACgAOiFRaABIAGWWFsaWFzRGF0YVxyZWxhdGl2ZVBhd
GjSDRobHFdOUy5kYXRhgAVPEQKAAAAAAAKAAAIAAAxNYWNpbnRvc2ggSEQAAAAAAAAAAAAAAAAA
AADFCI4CSCsAAAAOadsfVGhlIEFUTEFTIGV4cGVyaW1lbnQgI0U2OURFLnBkZgAAAAAAAAAAAAA
AAAAAAAAAAAAAAAAAAAAAAAAAAAAAAA5p3sTqngoAAAAAAAAAAAABAAQAAAkgAAAAAAAAAAAAAA
AAAAAAH0FUTEFTIFREUiBQYXJhIFJlZmVykG5jaWEjRTY5REIAABAACAAAxQi4MgAAABEACAAAx
OrIOgAAAAEAHAAOadsABnMDAAZy8gAGJ0oABic/AAOEiQAAeYwAAgB7TWFjaW50b3NoIEhEOlVz
ZXJzOnJ0b3JyZXM6RG91dG9yYWRvOlRlc2U6RG9jdW1lbnRzOlJlcG9ydHM6QVRMQVMgVERSIFB
hcmEgUmVmZXKQbmNpYSNFNjlEQjpUaGUgQVRMQVMgZXhwZXJpbWVudCAjRTY5REUucGRmAAAOAF
IAKABUAGgAZQAgAEEAVABMAEEAUwAgAGUAeABwAGUAcgBpAG0AZQBuAHQAIABhAHQAIAB0AGgAZ
QAgAEMARQBSAE4AIABMAEgAQwAuAHAAZABmAA8AGgAMAE0AYQBjAGkAbgB0AG8AcwBoACAASABE
ABIAhVVzZXJzL3J0b3JyZXMvRG91dG9yYWRvL1Rlc2UvRG9jdW1lbnRzL1JlcG9ydHMvQVRMQVM
gVERSIFBhcmEgUmVmZXJlzIJuY2lhcyBCaWJsaW9ncmHMgWZpY2FzL1RoZSBBVExBUyBleHBlcm
ltZW50IGF0IHRoZSBDRVJOIExIQy5wZGYAABMAAS8AABUAAgAO//8AANIeHyAhWCRjbGFzc2VzW
iRjbGFzc25hbWWjISIjXU5TTXV0YWJsZURhdGFWTlNEYXRhWE5TT2JqZWN0bxBpAC4ALgAvAEQA
bwBjAHUAbQBlAG4AdABzAC8AUgBlAHAAbwByAHQAcwAvAEEAVABMAEEAUwAgAFQARABSACAAUAB
hAHIAYQAgAFIAZQBmAGUAcgBlAwIAbgBjAGkAYQBzACAAQgBpAGIAbABpAG8AZwByAGEDAQBmAG
kAYwBhAHMALwBUAGgAZQAgAEEAVABMAEEAUwAgAGUAeABwAGUAcgBpAG0AZQBuAHQAIABhAHQAI
AB0AGgAZQAgAEMARQBSAE4AIABMAEgAQwAuAHAAZABm0h4fJieiJyNcTlNEaWN0aW9uYXJ5AAgA
EQAaAB8AKQAyADcAOgA/AEEAUwBcAGIAaQBwAHgAgwCFAIgAigCMAI8AkQCTAJ0AqgCvALcAuQM
9A0IDSwNWA1oDaANvA3gETQRSBFUAAAAAAAACAQAAAAAAAAAoAAAAAAAAAAAAAAAAAAAEYg==}}

@article{bib:lhc,
	Author = {Lyndon Evans and Philip Bryant},
	Date-Added = {2009-02-06 15:00:18 -0200},
	Date-Modified = {2009-02-10 21:02:05 -0200},
	Journal = {Journal of Instrumentation},
	Month = {agosto},
	Number = {2008 JINST 3 S08001},
	Title = {{LHC} Machine},
	Year = {2008},
	Bdsk-File-1 = {YnBsaXN0MDDUAQIDBAUGCQpYJHZlcnNpb25UJHRvcFkkYXJjaGl2ZXJYJG9iamVjdHMSAAGGoNE
HCFRyb290gAFfEA9OU0tleWVkQXJjaGl2ZXKoCwwXGBkdJCVVJG51bGzTDQ4PEBEUViRjbGFzc1
dOUy5rZXlzWk5TLm9iamVjdHOAB6ISE4ACgAOiFRaABIAGWWFsaWFzRGF0YVxyZWxhdGl2ZVBhd
GjSDRobHFdOUy5kYXRhgAVPEQIkAAAAAAIkAAIAAAxNYWNpbnRvc2ggSEQAAAAAAAAAAAAAAAAA
AADFCI4CSCsAAAAOadsPTEhDIE1hY2hpbmUucGRmAAAAAAAAAAAAAAAAAAAAAAAAAAAAAAAAAAA
AAAAAAAAAAAAAAAAAAAAAAAAAAAAAAA5p3MTqpPAAAAAAAAAAAAABAAQAAAkgAAAAAAAAAAAAAA
AAAAAAH0FUTEFTIFREUiBQYXJhIFJlZmVykG5jaWEjRTY5REIAABAACAAAxQi4MgAAABEACAAAx
OrPIAAAAAEAHAAOadsABnMDAAZy8gAGJ0oABic/AAOEiQAAeYwAAgBrTWFjaW50b3NoIEhEOlVz
ZXJzOnJ0b3JyZXM6RG91dG9yYWRvOlRlc2U6RG9jdW1lbnRzOlJlcG9ydHM6QVRMQVMgVERSIFB
hcmEgUmVmZXKQbmNpYSNFNjlEQjpMSEMgTWFjaGluZS5wZGYAAA4AIAAPAEwASABDACAATQBhAG
MAaABpAG4AZQAuAHAAZABmAA8AGgAMAE0AYQBjAGkAbgB0AG8AcwBoACAASABEABIAbFVzZXJzL
3J0b3JyZXMvRG91dG9yYWRvL1Rlc2UvRG9jdW1lbnRzL1JlcG9ydHMvQVRMQVMgVERSIFBhcmEg
UmVmZXJlzIJuY2lhcyBCaWJsaW9ncmHMgWZpY2FzL0xIQyBNYWNoaW5lLnBkZgATAAEvAAAVAAI
ADv//AADSHh8gIVgkY2xhc3Nlc1okY2xhc3NuYW1loyEiI11OU011dGFibGVEYXRhVk5TRGF0YV
hOU09iamVjdG8QUAAuAC4ALwBEAG8AYwB1AG0AZQBuAHQAcwAvAFIAZQBwAG8AcgB0AHMALwBBA
FQATABBAFMAIABUAEQAUgAgAFAAYQByAGEAIABSAGUAZgBlAHIAZQMCAG4AYwBpAGEAcwAgAEIA
aQBiAGwAaQBvAGcAcgBhAwEAZgBpAGMAYQBzAC8ATABIAEMAIABNAGEAYwBoAGkAbgBlAC4AcAB
kAGbSHh8mJ6InI1xOU0RpY3Rpb25hcnkACAARABoAHwApADIANwA6AD8AQQBTAFwAYgBpAHAAeA
CDAIUAiACKAIwAjwCRAJMAnQCqAK8AtwC5AuEC5gLvAvoC/gMMAxMDHAO/A8QDxwAAAAAAAAIBA
AAAAAAAACgAAAAAAAAAAAAAAAAAAAPU}}

@manual{bib:eformat,
	Date-Added = {2008-05-08 18:28:58 -0300},
	Date-Modified = {2008-05-08 18:36:02 -0300},
	Month = {abril},
	Organization = {{ATLAS} Collaboration},
	Title = {The Raw Event Format in the {ATLAS} Trigger \& {DAQ}},
	Url = {https://edms.cern.ch/document/445840/3},
	Year = {2005},
	Bdsk-Url-1 = {https://edms.cern.ch/document/445840/3}}

@manual{bib:athena_dev_guide,
	Date-Added = {2008-05-06 14:36:27 -0300},
	Date-Modified = {2008-05-06 14:37:58 -0300},
	Edition = {2},
	Month = {agosto},
	Organization = {{ATLAS} Collaboration},
	Title = {Athena Developer Guide},
	Year = {2001}}

@article{bib:gaudi,
	Author = {Gg Corti and Mm Cattaneo and Pp Charpentier and Mm Frank and Pp Koppenburg and Pp Mato and Ff Ranjard and Ss Roiser and Ii Belyaev and Gg Barrand},
	Date-Added = {2008-05-06 14:26:29 -0300},
	Date-Modified = {2008-05-06 14:29:27 -0300},
	Journal = {IEEE Transactions on Nuclear Science},
	Month = {junho},
	Number = {3},
	Pages = {1323-1328},
	Title = {Software for the LHCb experiment},
	Volume = {53},
	Year = {2006}}

@article{bib:slink_spec,
	Author = {Hh Cc {van der Bij} and Rr Aa McLaren and Oo Boyle and Gg Rubin},
	Date-Added = {2008-04-30 17:09:07 -0300},
	Date-Modified = {2008-04-30 17:25:19 -0300},
	Journal = {IEEE Transactions on Nuclear Science},
	Month = {junho},
	Pages = {398-402},
	Title = {{S-LINK}, a Data Link Interface Specification for the LHC Era},
	Volume = {44},
	Year = {1997},
	Bdsk-File-1 = {YnBsaXN0MDDUAQIDBAUGCQpYJHZlcnNpb25UJHRvcFkkYXJjaGl2ZXJYJG9iamVjdHMSAAGGoNE
HCFRyb290gAFfEA9OU0tleWVkQXJjaGl2ZXKoCwwXGBkdJCVVJG51bGzTDQ4PEBEUViRjbGFzc1
dOUy5rZXlzWk5TLm9iamVjdHOAB6ISE4ACgAOiFRaABIAGWWFsaWFzRGF0YVxyZWxhdGl2ZVBhd
GjSDRobHFdOUy5kYXRhgAVPEQGYAAAAAAGYAAIAAAxNYWNpbnRvc2ggSEQAAAAAAAAAAAAAAAAA
AADFCI4CSCsAAAAYg9gXc2xpbmtfc3BlY2lmaWNhdGlvbi5wZGYAAAAAAAAAAAAAAAAAAAAAAAA
AAAAAAAAAAAAAAAAAAAAAAAAAAAAAAAZy/8Q+a6wAAAAAAAAAAAADAAIAAAkgAAAAAAAAAAAAAA
AAAAAABi5UcmFzaAAQAAgAAMUIuDIAAAARAAgAAMQ+ldwAAAABAAwAGIPYAAOEiQAAeYwAAgA5T
WFjaW50b3NoIEhEOlVzZXJzOnJ0b3JyZXM6LlRyYXNoOnNsaW5rX3NwZWNpZmljYXRpb24ucGRm
AAAOADAAFwBzAGwAaQBuAGsAXwBzAHAAZQBjAGkAZgBpAGMAYQB0AGkAbwBuAC4AcABkAGYADwA
aAAwATQBhAGMAaQBuAHQAbwBzAGgAIABIAEQAEgAsVXNlcnMvcnRvcnJlcy8uVHJhc2gvc2xpbm
tfc3BlY2lmaWNhdGlvbi5wZGYAEwABLwAAFQACAA7//wAA0h4fICFYJGNsYXNzZXNaJGNsYXNzb
mFtZaMhIiNdTlNNdXRhYmxlRGF0YVZOU0RhdGFYTlNPYmplY3RfECcuLi8uLi8uLi8uVHJhc2gv
c2xpbmtfc3BlY2lmaWNhdGlvbi5wZGbSHh8mJ6InI1xOU0RpY3Rpb25hcnkACAARABoAHwApADI
ANwA6AD8AQQBTAFwAYgBpAHAAeACDAIUAiACKAIwAjwCRAJMAnQCqAK8AtwC5AlUCWgJjAm4Ccg
KAAocCkAK6Ar8CwgAAAAAAAAIBAAAAAAAAACgAAAAAAAAAAAAAAAAAAALP}}

@webpage{bib:site_root,
	Date-Added = {2008-05-08 16:33:22 -0300},
	Date-Modified = {2008-05-08 16:33:25 -0300},
	Lastchecked = {2008},
	Title = {{ROOT}: an Object-Oriented Data Analysis Framework},
	Url = {http://root.cern.ch},
	Year = {2008},
	Bdsk-Url-1 = {http://root.cern.ch}}

@webpage{bib:site_atlas,
	Date-Added = {2008-04-30 15:48:22 -0300},
	Date-Modified = {2008-04-30 15:56:25 -0300},
	Lastchecked = {2008},
	Title = {The {ATLAS} Experiment},
	Url = {http://atlas.ch/},
	Year = {2008},
	Bdsk-Url-1 = {http://atlas.ch/}}

@webpage{bib:site_lhc,
	Date-Added = {2008-04-30 15:40:30 -0300},
	Date-Modified = {2008-04-30 15:56:15 -0300},
	Lastchecked = {2008},
	Title = {The Large Hadron Collider Experiment},
	Url = {http://public.web.cern.ch/Public/en/LHC/LHC-en.html},
	Year = {2008},
	Bdsk-Url-1 = {http://public.web.cern.ch/Public/en/LHC/LHC-en.html}}

@article{bib:eb,
	Author = {Ww Vandelli and Mm Abolins and Aa Battaglia and Hans Peter Beck and Rr Blair and Andre Bogaerts and Mm Bosman and Mm Ciobotaru},
	Date-Added = {2008-04-29 18:59:33 -0300},
	Date-Modified = {2008-04-29 19:02:14 -0300},
	Journal = {Nuclear Science Symposium Conference Record},
	Pages = {120-126},
	Title = { The {ATLAS} Event Builder},
	Volume = {1},
	Year = {2007},
	Bdsk-File-1 = {YnBsaXN0MDDUAQIDBAUGCQpYJHZlcnNpb25UJHRvcFkkYXJjaGl2ZXJYJG9iamVjdHMSAAGGoNE
HCFRyb290gAFfEA9OU0tleWVkQXJjaGl2ZXKoCwwXGBkdJCVVJG51bGzTDQ4PEBEUViRjbGFzc1
dOUy5rZXlzWk5TLm9iamVjdHOAB6ISE4ACgAOiFRaABIAGWWFsaWFzRGF0YVxyZWxhdGl2ZVBhd
GjSDRobHFdOUy5kYXRhgAVPEQGoAAAAAAGoAAIAAAxNYWNpbnRvc2ggSEQAAAAAAAAAAAAAAAAA
AADFCI4CSCsAAAAYg9gbVGhlIEFUTEFTIEV2ZW50IEJ1aWxkZXIucGRmAAAAAAAAAAAAAAAAAAA
AAAAAAAAAAAAAAAAAAAAAAAAAAAAAAAZzAMQ9IEwAAAAAAAAAAAADAAIAAAkgAAAAAAAAAAAAAA
AAAAAABi5UcmFzaAAQAAgAAMUIuDIAAAARAAgAAMQ9SnwAAAABAAwAGIPYAAOEiQAAeYwAAgA9T
WFjaW50b3NoIEhEOlVzZXJzOnJ0b3JyZXM6LlRyYXNoOlRoZSBBVExBUyBFdmVudCBCdWlsZGVy
LnBkZgAADgA4ABsAVABoAGUAIABBAFQATABBAFMAIABFAHYAZQBuAHQAIABCAHUAaQBsAGQAZQB
yAC4AcABkAGYADwAaAAwATQBhAGMAaQBuAHQAbwBzAGgAIABIAEQAEgAwVXNlcnMvcnRvcnJlcy
8uVHJhc2gvVGhlIEFUTEFTIEV2ZW50IEJ1aWxkZXIucGRmABMAAS8AABUAAgAO//8AANIeHyAhW
CRjbGFzc2VzWiRjbGFzc25hbWWjISIjXU5TTXV0YWJsZURhdGFWTlNEYXRhWE5TT2JqZWN0XxAr
Li4vLi4vLi4vLlRyYXNoL1RoZSBBVExBUyBFdmVudCBCdWlsZGVyLnBkZtIeHyYnoicjXE5TRGl
jdGlvbmFyeQAIABEAGgAfACkAMgA3ADoAPwBBAFMAXABiAGkAcAB4AIMAhQCIAIoAjACPAJEAkw
CdAKoArwC3ALkCZQJqAnMCfgKCApAClwKgAs4C0wLWAAAAAAAAAgEAAAAAAAAAKAAAAAAAAAAAA
AAAAAAAAuM=}}

@article{bib:nile,
	Author = {Hegoi Garitaonandia and Haimo Zobernig},
	Date-Added = {2008-03-27 15:24:17 -0300},
	Date-Modified = {2008-03-27 15:28:09 -0300},
	Journal = {Computing in High Energy Physics (CHEP)},
	Title = {Worm and Peer to Peer Tools for Distribution and Management of {ATLAS} SW on {TDAQ} Computer Clusters},
	Year = {2006}}

@book{bib:hep,
	Author = {Donald Hh Perkins},
	Date-Added = {2008-03-27 15:14:10 -0300},
	Date-Modified = {2008-03-27 15:15:37 -0300},
	Edition = {$4^a$},
	Publisher = {Cambridge University Press},
	Title = {Introduction to High Energy Physics},
	Year = {2000}}

@book{bib:xml,
	Author = {Elliotte Rusty Harold and Ww Scott Means},
	Date-Added = {2008-03-26 18:21:46 -0300},
	Date-Modified = {2008-03-26 18:25:32 -0300},
	Edition = {$3^a$},
	Publisher = {O'Reilly},
	Title = {XML in a Nutshell},
	Year = {2004}}

@book{bib:poo,
	Author = {James Keogh and Mario Giannini},
	Date-Added = {2008-03-26 17:07:05 -0300},
	Date-Modified = {2008-03-26 17:09:06 -0300},
	Publisher = {McGraw-Hill},
	Title = {OOP Demystified},
	Year = {2004}}

@article{bib:oks_service_challenge,
	Author = {Jo{\~a}o Almeida Sim{\~o}es and Marc Dobson and Andrei Kazarov and Giovanna Lehmann Miotto and John Erik Sloper and Igor Soloviev and Rodrigo Coura Torres},
	Date-Added = {2008-03-13 18:30:26 -0300},
	Date-Modified = {2009-02-09 14:08:30 -0200},
	Journal = {Journal of Physics: Conference Series},
	Number = {022004},
	Pages = {1-11},
	Title = {The {ATLAS} {DAQ} System Online Configurations Database Service Challenge},
	Volume = {119},
	Year = {2008},
	Bdsk-File-1 = {YnBsaXN0MDDUAQIDBAUGCQpYJHZlcnNpb25UJHRvcFkkYXJjaGl2ZXJYJG9iamVjdHMSAAGGoNE
HCFRyb290gAFfEA9OU0tleWVkQXJjaGl2ZXKoCwwXGBkdJCVVJG51bGzTDQ4PEBEUViRjbGFzc1
dOUy5rZXlzWk5TLm9iamVjdHOAB6ISE4ACgAOiFRaABIAGWWFsaWFzRGF0YVxyZWxhdGl2ZVBhd
GjSDRobHFdOUy5kYXRhgAVPEQJ0AAAAAAJ0AAIAAAxNYWNpbnRvc2ggSEQAAAAAAAAAAAAAAAAA
AADFCI4CSCsAAAAGcvQfVGhlIEFUTEFTLURBUSBTeXN0ZW0jMUQzNjM2LnBkZgAAAAAAAAAAAAA
AAAAAAAAAAAAAAAAAAAAAAAAAAAAAAB02NsW15kIAAAAAAAAAAAABAAMAAAkgAAAAAAAAAAAAAA
AAAAAABlBhcGVycwAQAAgAAMUIuDIAAAARAAgAAMW2AmIAAAABABgABnL0AAZy8gAGJ0oABic/A
AOEiQAAeYwAAgBaTWFjaW50b3NoIEhEOlVzZXJzOnJ0b3JyZXM6RG91dG9yYWRvOlRlc2U6RG9j
dW1lbnRzOlBhcGVyczpUaGUgQVRMQVMtREFRIFN5c3RlbSMxRDM2MzYucGRmAA4AlABJAFQAaAB
lACAAQQBUAEwAQQBTAC0ARABBAFEAIABTAHkAcwB0AGUAbQAgAE8AbgBsAGkAbgBlACAAQwBvAG
4AZgBpAGcAdQByAGEAdABpAG8AbgBzACAARABhAHQAYQBiAGEAcwBlACAAUwBlAHIAdgBpAGMAZ
QAgAEMAaABhAGwAbABlAG4AZwBlAC4AcABkAGYADwAaAAwATQBhAGMAaQBuAHQAbwBzAGgAIABI
AEQAEgB3VXNlcnMvcnRvcnJlcy9Eb3V0b3JhZG8vVGVzZS9Eb2N1bWVudHMvUGFwZXJzL1RoZSB
BVExBUy1EQVEgU3lzdGVtIE9ubGluZSBDb25maWd1cmF0aW9ucyBEYXRhYmFzZSBTZXJ2aWNlIE
NoYWxsZW5nZS5wZGYAABMAAS8AABUAAgAO//8AANIeHyAhWCRjbGFzc2VzWiRjbGFzc25hbWWjI
SIjXU5TTXV0YWJsZURhdGFWTlNEYXRhWE5TT2JqZWN0XxBdLi4vRG9jdW1lbnRzL1BhcGVycy9U
aGUgQVRMQVMtREFRIFN5c3RlbSBPbmxpbmUgQ29uZmlndXJhdGlvbnMgRGF0YWJhc2UgU2Vydml
jZSBDaGFsbGVuZ2UucGRm0h4fJieiJyNcTlNEaWN0aW9uYXJ5AAgAEQAaAB8AKQAyADcAOgA/AE
EAUwBcAGIAaQBwAHgAgwCFAIgAigCMAI8AkQCTAJ0AqgCvALcAuQMxAzYDPwNKA04DXANjA2wDz
APRA9QAAAAAAAACAQAAAAAAAAAoAAAAAAAAAAAAAAAAAAAD4Q==}}

@webpage{bib:boost,
	Date-Added = {2008-03-12 18:38:09 -0300},
	Date-Modified = {2008-03-12 18:38:36 -0300},
	Month = {mar{\c c}o},
	Title = {C++/Python Interfacing},
	Url = {http://www.language-binding.net/pyplusplus/pyplusplus.html},
	Year = {2008},
	Bdsk-Url-1 = {http://www.language-binding.net/pyplusplus/pyplusplus.html}}

@article{bib:paper_lvl1,
	Author = {Gg Aielli and Vv Andrei and Rr Achenbach and Pp Adragna and Aa Aloisio and Mm Gg Alviggi},
	Date-Added = {2008-03-07 18:52:45 -0300},
	Date-Modified = {2008-03-31 14:13:47 -0300},
	Journal = {Nuclear Instruments and Methods in Physics Research},
	Month = {outubro},
	Number = {A},
	Pages = {476-481},
	Title = {The {ATLAS} level-1 trigger: Status of the System and First Results from Cosmic-Ray Data},
	Volume = {581},
	Year = {2007}}

@techreport{bib:muon_spectrometer_tdr,
	Author = {{ATLAS Group}},
	Date-Added = {2007-08-27 17:50:37 -0300},
	Date-Modified = {2008-03-12 11:38:20 -0300},
	Institution = {CERN},
	Month = {maio},
	Title = {ATLAS Muon Spectrometer Technical Design Report},
	Year = {1997}}

@techreport{bib:tdr_liquid_argon,
	Author = {{ATLAS Group}},
	Date-Added = {2007-08-27 17:19:33 -0300},
	Date-Modified = {2008-03-12 11:38:06 -0300},
	Institution = {CERN},
	Month = {dezembro},
	Title = {ATLAS Liquid Argon Calorimeter Technical Design Report},
	Year = {1996}}

@techreport{bib:tile_calorimeter_tdr,
	Author = {{ATLAS Group}},
	Date-Added = {2007-08-27 17:19:33 -0300},
	Date-Modified = {2008-03-12 11:38:32 -0300},
	Institution = {CERN},
	Month = {dezembro},
	Title = {ATLAS Tile Calorimeter Technical Design Report},
	Year = {1996}}

@techreport{bib:atlas_trigger_status_report,
	Author = {{ATLAS Group}},
	Date-Added = {2007-08-27 17:19:33 -0300},
	Date-Modified = {2008-03-12 11:40:46 -0300},
	Institution = {CERN},
	Month = {junho},
	Title = {ATLAS Trigger Performance Status Report},
	Year = {1998}}

@webpage{bib:alice,
	Author = {CERN},
	Date-Added = {2007-08-27 17:18:59 -0300},
	Date-Modified = {2008-03-12 11:33:55 -0300},
	Month = {janeiro},
	Title = {A Large Ion Collider Experiment},
	Url = {http://pcaliweb02.cern.ch/NewAlicePortal/en/index.html},
	Year = {2005},
	Bdsk-Url-1 = {http://pcaliweb02.cern.ch/NewAlicePortal/en/index.html}}

@webpage{bib:cms,
	Author = {CERN},
	Date-Added = {2007-08-27 17:18:59 -0300},
	Date-Modified = {2008-03-12 11:45:13 -0300},
	Month = {janeiro},
	Title = {CMS Outreach},
	Url = {http://cmsinfo.cern.ch/Welcome.html/CMSfaq/CMSfaq.html},
	Year = {2005},
	Bdsk-Url-1 = {http://cmsinfo.cern.ch/Welcome.html/CMSfaq/CMSfaq.html}}

@webpage{bib:lhcb,
	Author = {CERN},
	Date-Added = {2007-08-27 17:18:59 -0300},
	Date-Modified = {2008-03-12 11:47:46 -0300},
	Month = {janeiro},
	Title = {LHCb - A High Energy Physics Experiment Studying CP Violation},
	Url = {http://lhcb-public.web.cern.ch/lhcb-public/default.htm},
	Year = {2005},
	Bdsk-Url-1 = {http://lhcb-public.web.cern.ch/lhcb-public/default.htm}}

@webpage{bib:totem,
	Author = {CERN},
	Date-Added = {2007-08-27 17:18:59 -0300},
	Date-Modified = {2008-03-12 11:53:34 -0300},
	Lastchecked = {janeiro},
	Title = {TOTEM - Total Cross Section, Elastic Scattering and Diffraction Dissociation},
	Url = {http://totem.web.cern.ch/Totem},
	Year = {2005},
	Bdsk-Url-1 = {http://totem.web.cern.ch/Totem}}

@webpage{bib:python,
	Date-Added = {2007-08-14 16:15:21 -0300},
	Date-Modified = {2008-03-12 11:52:38 -0300},
	Month = {julho},
	Title = {The Python Programming Language},
	Url = {http://www.python.org},
	Year = {2007},
	Bdsk-Url-1 = {http://www.python.org}}

@manual{bib:adsp21160_manual,
	Date-Added = {2007-08-14 16:15:13 -0300},
	Date-Modified = {2008-03-12 11:34:40 -0300},
	Edition = {2},
	Month = {maio},
	Organization = {Analog Devices},
	Title = {ADSP-21160: SHARC DSP Hardware Reference},
	Year = {2002}}

@mastersthesis{bib:msc_rabello,
	Author = {Andre Rabello {dos Anjos}},
	Date-Added = {2007-08-14 16:15:02 -0300},
	Date-Modified = {2008-03-12 11:52:04 -0300},
	School = {UFRJ},
	Title = {Sistema Neuronal R\'{a}pido de Decis\~{a}o Baseado em Calorimetria de Altas Energias},
	Type = {Tese de Mestrado},
	Year = {2001}}

@manual{bib:athena_user_guide,
	Author = {{The ATLAS Project}},
	Date-Added = {2007-08-14 16:14:23 -0300},
	Date-Modified = {2008-03-12 11:35:11 -0300},
	Month = {agosto},
	Organization = {CERN},
	Title = {Athena User Guide and Tutorial},
	Type = {Manual},
	Year = {2001}}

@article{bib:acat_2007,
	Author = {Rodrigo Coura Torres and Jos\'{e} Manoel Seixas and Andre {dos Anjos} and Danilo Vannier Cunha},
	Date-Added = {2007-08-14 15:53:22 -0300},
	Date-Modified = {2009-02-20 14:21:44 -0300},
	Journal = {Proceedings of Science},
	Pages = {1-15},
	Title = {Online Electron/Jet Neural High-level Trigger Over Independent Calorimetry Information},
	Volume = {PoS(ACAT)039},
	Year = {2008},
	Bdsk-File-1 = {YnBsaXN0MDDUAQIDBAUGCQpYJHZlcnNpb25UJHRvcFkkYXJjaGl2ZXJYJG9iamVjdHMSAAGGoNE
HCFRyb290gAFfEA9OU0tleWVkQXJjaGl2ZXKoCwwXGBkdJCVVJG51bGzTDQ4PEBEUViRjbGFzc1
dOUy5rZXlzWk5TLm9iamVjdHOAB6ISE4ACgAOiFRaABIAGWWFsaWFzRGF0YVxyZWxhdGl2ZVBhd
GjSDRobHFdOUy5kYXRhgAVPEQJGAAAAAAJGAAIAAAxNYWNpbnRvc2ggSEQAAAAAAAAAAAAAAAAA
AADFCI4CSCsAAAAGcvQfT25saW5lIEVsZWN0cm9uLUpldCAjMUY5MjA1LnBkZgAAAAAAAAAAAAA
AAAAAAAAAAAAAAAAAAAAAAAAAAAAAAB+SBcXDcgoAAAAAAAAAAAABAAMAAAkgAAAAAAAAAAAAAA
AAAAAABlBhcGVycwAQAAgAAMUIuDIAAAARAAgAAMXDnDoAAAABABgABnL0AAZy8gAGJ0oABic/A
AOEiQAAeYwAAgBaTWFjaW50b3NoIEhEOlVzZXJzOnJ0b3JyZXM6RG91dG9yYWRvOlRlc2U6RG9j
dW1lbnRzOlBhcGVyczpPbmxpbmUgRWxlY3Ryb24tSmV0ICMxRjkyMDUucGRmAA4AdgA6AE8AbgB
sAGkAbgBlACAARQBsAGUAYwB0AHIAbwBuAC0ASgBlAHQAIABOAGUAdQByAGEAbAAgAEgAaQBnAG
gALQBsAGUAdgBlAGwAIABUAHIAaQBnAGcAZQByACAATwB2AGUAcgAgAEkAQwBBAC4AcABkAGYAD
wAaAAwATQBhAGMAaQBuAHQAbwBzAGgAIABIAEQAEgBoVXNlcnMvcnRvcnJlcy9Eb3V0b3JhZG8v
VGVzZS9Eb2N1bWVudHMvUGFwZXJzL09ubGluZSBFbGVjdHJvbi1KZXQgTmV1cmFsIEhpZ2gtbGV
2ZWwgVHJpZ2dlciBPdmVyIElDQS5wZGYAEwABLwAAFQACAA7//wAA0h4fICFYJGNsYXNzZXNaJG
NsYXNzbmFtZaMhIiNdTlNNdXRhYmxlRGF0YVZOU0RhdGFYTlNPYmplY3RfEE4uLi9Eb2N1bWVud
HMvUGFwZXJzL09ubGluZSBFbGVjdHJvbi1KZXQgTmV1cmFsIEhpZ2gtbGV2ZWwgVHJpZ2dlciBP
dmVyIElDQS5wZGbSHh8mJ6InI1xOU0RpY3Rpb25hcnkACAARABoAHwApADIANwA6AD8AQQBTAFw
AYgBpAHAAeACDAIUAiACKAIwAjwCRAJMAnQCqAK8AtwC5AwMDCAMRAxwDIAMuAzUDPgOPA5QDlw
AAAAAAAAIBAAAAAAAAACgAAAAAAAAAAAAAAAAAAAOk}}

@book{bib:haykin_adaptive_filter,
	Author = {Simon Haykin},
	Date-Modified = {2008-03-12 11:34:11 -0300},
	Edition = {3},
	Editor = {Thomas Kailath},
	Publisher = {Prentice Hall},
	Series = {Information and System Sciences},
	Title = {Adaptive Filter Theory},
	Year = {1996}}

@book{bib:shanmugan_random_signals,
	Author = {Kk Sam Shanmugan and Arthur Mm Breipohl},
	Date-Modified = {2008-03-12 11:51:42 -0300},
	Publisher = {John Wiley $\&$ Sons},
	Title = {Random Signals - Detection, Estimation and Data Analysis},
	Year = {1988}}

@book{bib_computer_arch_parallel_processing,
	Author = {Kenn Hwang AND Felix Antony Briggs},
	Date-Modified = {2008-03-12 11:45:30 -0300},
	Edition = {5th},
	Publisher = {McGraw-Hill},
	Title = {Computer Architecture and Parallel Processing},
	Year = {1989}}

@book{bib:halliday_fundamentos_da_fisica,
	Author = {David Halliday AND Robert Resnick AND Jearl Walker},
	Date-Modified = {2008-03-12 11:47:29 -0300},
	Edition = {5th},
	Publisher = {John Wiley},
	Title = {Fundamentals Of Physics},
	Year = {1996}}

@book{bib:neural_networks,
	Author = {Simon Haykin},
	Date-Modified = {2008-03-12 11:48:54 -0300},
	Edition = {2nd},
	Publisher = {Prentice Hall},
	Title = {Neural Networks. A Comprehensive Foundation},
	Year = {1999}}

@article{bib:nlpca_autoassociativa,
	Author = {Mark Aa Kramer},
	Date-Modified = {2008-03-12 11:49:28 -0300},
	Journal = {AIChE},
	Month = {fevereiro},
	Number = {2},
	Title = {Nonlinear Principal Component Analysis Using Autoassociative Neural Networks},
	Volume = {37},
	Year = {1991}}

@article{bib:neural_discriminating_analysis,
	Author = {Luiz Pereira Cal{\^o}ba AND Jos{\'e} Manoel Seixas AND Flavio Santos Pereira},
	Date-Modified = {2008-03-12 11:48:43 -0300},
	Journal = {Computing in High Energy Physics},
	Title = {Neural Discriminating Analysis For A Second Level Trigger System},
	Year = {1995}}

@inproceedings{bib:rprop,
	Address = {San Francisco, CA},
	Author = {Martin Riedmiller and Heinrich Braun},
	Booktitle = {Proceedings of the {IEEE} International Conference on Neural Networks},
	Date-Modified = {2008-03-12 11:33:33 -0300},
	Pages = {586-591},
	Title = {A Direct Adaptive Method for Faster Backpropagation Learning: The {RPROP} Algorithm},
	Url = {citeseer.ist.psu.edu/riedmiller93direct.html},
	Year = {1993},
	Bdsk-File-1 = {YnBsaXN0MDDUAQIDBAUGCQpYJHZlcnNpb25UJHRvcFkkYXJjaGl2ZXJYJG9iamVjdHMSAAGGoNE
HCFRyb290gAFfEA9OU0tleWVkQXJjaGl2ZXKoCwwXGBkdJCVVJG51bGzTDQ4PEBEUViRjbGFzc1
dOUy5rZXlzWk5TLm9iamVjdHOAB6ISE4ACgAOiFRaABIAGWWFsaWFzRGF0YVxyZWxhdGl2ZVBhd
GjSDRobHFdOUy5kYXRhgAVPEQGYAAAAAAGYAAIAAAxNYWNpbnRvc2ggSEQAAAAAAAAAAAAAAAAA
AADFCI4CSCsAAAAYg9gXVGhlX1JQUk9QX0FsZ29yaXRobS5wZGYAAAAAAAAAAAAAAAAAAAAAAAA
AAAAAAAAAAAAAAAAAAAAAAAAAAAAAAAZzAb3NT2AAAAAAAAAAAAADAAIAAAkgAAAAAAAAAAAAAA
AAAAAABi5UcmFzaAAQAAgAAMUIuDIAAAARAAgAAL3Na4AAAAABAAwAGIPYAAOEiQAAeYwAAgA5T
WFjaW50b3NoIEhEOlVzZXJzOnJ0b3JyZXM6LlRyYXNoOlRoZV9SUFJPUF9BbGdvcml0aG0ucGRm
AAAOADAAFwBUAGgAZQBfAFIAUABSAE8AUABfAEEAbABnAG8AcgBpAHQAaABtAC4AcABkAGYADwA
aAAwATQBhAGMAaQBuAHQAbwBzAGgAIABIAEQAEgAsVXNlcnMvcnRvcnJlcy8uVHJhc2gvVGhlX1
JQUk9QX0FsZ29yaXRobS5wZGYAEwABLwAAFQACAA7//wAA0h4fICFYJGNsYXNzZXNaJGNsYXNzb
mFtZaMhIiNdTlNNdXRhYmxlRGF0YVZOU0RhdGFYTlNPYmplY3RfECcuLi8uLi8uLi8uVHJhc2gv
VGhlX1JQUk9QX0FsZ29yaXRobS5wZGbSHh8mJ6InI1xOU0RpY3Rpb25hcnkACAARABoAHwApADI
ANwA6AD8AQQBTAFwAYgBpAHAAeACDAIUAiACKAIwAjwCRAJMAnQCqAK8AtwC5AlUCWgJjAm4Ccg
KAAocCkAK6Ar8CwgAAAAAAAAIBAAAAAAAAACgAAAAAAAAAAAAAAAAAAALP}}

@book{bib:oppenheim_dsp,
	Author = {Alan Vv Oppenheim AND Ronald Ww Schafer},
	Date-Modified = {2008-03-12 11:46:16 -0300},
	Publisher = {Prentice Hall},
	Title = {Discrete-Time Signal Processing},
	Year = {1989}}

@book{bib:diniz_digital_signal_processing,
	Author = {Paulo Sergio Ramirez Diniz and Eduardo Ant{\^o}nio Barbosa {da SILVA} and Sergio Lima Netto},
	Date-Modified = {2008-03-12 11:45:43 -0300},
	Publisher = {Cambridge University Press},
	Title = {Digital Signal Processing: System Analysis and Design},
	Year = {2002}}

@book{bib:real_time_processing,
	Author = {John Gg Ackenhusen},
	Date-Modified = {2008-03-12 11:51:53 -0300},
	Publisher = {Prentice Hall},
	Title = {Real-Time Signal Processing},
	Year = {1999}}

@techreport{bib:tdaq_tdr,
	Address = {ATLAS TDR-016},
	Author = {{ATLAS HLT/DAQ/DCS Group}},
	Date-Modified = {2008-03-12 11:41:25 -0300},
	Institution = {CERN},
	Month = {outubro},
	Title = {{ATLAS}: High-Level Trigger Data Aquisition and Controls},
	Type = {Report},
	Year = {2003},
	Bdsk-File-1 = {YnBsaXN0MDDUAQIDBAUGCQpYJHZlcnNpb25UJHRvcFkkYXJjaGl2ZXJYJG9iamVjdHMSAAGGoNE
HCFRyb290gAFfEA9OU0tleWVkQXJjaGl2ZXKoCwwXGBkdJCVVJG51bGzTDQ4PEBEUViRjbGFzc1
dOUy5rZXlzWk5TLm9iamVjdHOAB6ISE4ACgAOiFRaABIAGWWFsaWFzRGF0YVxyZWxhdGl2ZVBhd
GjSDRobHFdOUy5kYXRhgAVPEQJOAAAAAAJOAAIAAAxNYWNpbnRvc2ggSEQAAAAAAAAAAAAAAAAA
AADFCI4CSCsAAAAGcwMfQVRMQVMgSGlnaCBMZXZlbCBUcmlnIzY3MzA3LnBkZgAAAAAAAAAAAAA
AAAAAAAAAAAAAAAAAAAAAAAAAAAAAAAZzB74cDQ4AAAAAAAAAAAABAAMAAAkgAAAAAAAAAAAAAA
AAAAAAB1JlcG9ydHMAABAACAAAxQi4MgAAABEACAAAvhwpLgAAAAEAGAAGcwMABnLyAAYnSgAGJ
z8AA4SJAAB5jAACAFtNYWNpbnRvc2ggSEQ6VXNlcnM6cnRvcnJlczpEb3V0b3JhZG86VGVzZTpE
b2N1bWVudHM6UmVwb3J0czpBVExBUyBIaWdoIExldmVsIFRyaWcjNjczMDcucGRmAAAOAHgAOwB
BAFQATABBAFMAIABIAGkAZwBoACAATABlAHYAZQBsACAAVAByAGkAZwBnAGUAcgAsACAARABhAH
QAYQAgAEEAYwBxAHUAaQBzAGkAdABpAG8AbgAgAGEAbgBkACAAQwBvAG4AdAByAG8AbABzAC4Ac
ABkAGYADwAaAAwATQBhAGMAaQBuAHQAbwBzAGgAIABIAEQAEgBqVXNlcnMvcnRvcnJlcy9Eb3V0
b3JhZG8vVGVzZS9Eb2N1bWVudHMvUmVwb3J0cy9BVExBUyBIaWdoIExldmVsIFRyaWdnZXIsIER
hdGEgQWNxdWlzaXRpb24gYW5kIENvbnRyb2xzLnBkZgATAAEvAAAVAAIADv//AADSHh8gIVgkY2
xhc3Nlc1okY2xhc3NuYW1loyEiI11OU011dGFibGVEYXRhVk5TRGF0YVhOU09iamVjdF8QUC4uL
0RvY3VtZW50cy9SZXBvcnRzL0FUTEFTIEhpZ2ggTGV2ZWwgVHJpZ2dlciwgRGF0YSBBY3F1aXNp
dGlvbiBhbmQgQ29udHJvbHMucGRm0h4fJieiJyNcTlNEaWN0aW9uYXJ5AAgAEQAaAB8AKQAyADc
AOgA/AEEAUwBcAGIAaQBwAHgAgwCFAIgAigCMAI8AkQCTAJ0AqgCvALcAuQMLAxADGQMkAygDNg
M9A0YDmQOeA6EAAAAAAAACAQAAAAAAAAAoAAAAAAAAAAAAAAAAAAADrg==}}

@techreport{bib:lvl1_trigger_tdr,
	Address = {ATLAS TDR--12},
	Author = {{ATLAS Level-1 Trigger Group}},
	Date-Modified = {2008-03-12 11:41:05 -0300},
	Institution = {CERN},
	Month = {junho},
	Title = {{ATLAS} Level-1 Trigger Technical Design Report},
	Type = {Report},
	Year = {1998}}

@article{bib:paper_lvl2,
	Author = {A. {dos Anjos} and M. Abolins and S. Armstrong and J. T. Baines and M. Barisonzi and H. P. Beck and C. P. Bee and M. Beretta and M. Biglietti and R. Blair and A. Bogaerts and V. Boisvert and M. Bosman and H. Boterenbrood and D. Botterill and S. Brandt and B. Caron and P. Casado and G. Cataldi and D. Cavalli and M. Cervetto and M. Ciobotaru and G. Comune and A. Corso-Radu and E. Palencia Cortezon and R. Cranfield and G. Crone and J. Dawson and B. Di Girolamo and A. Di Mattia and M. Diaz Gomez and R. Dobinson and J. Drohan and N. Ellis and M. Elsing and B. Epp and Y. Ermoline and F. Etienne and S. Falciano and A. Farilla and M. L. Ferrer and D. Francis and S. Gadomski and S. Gameiro and S. George and V. Ghete and P. Golonka and S. Gonz{\'a}lez and B. Gorini and B. Green and M. Grothe and M. Gruwe and S. Haas and C. Haeberli and Y. Hasegawa and R. Hauser and C. Hinkelbein and R. Hughes-Jones and P. Jansweijer and M. Joos and A. Kaczmarska and K. Karr and A. Khomich and G. Kieft and E. Knezo and N. Konstantinidis and K. Korcyl and W. Krasny and A. Kugel and A. Lankford and G. Lehmann and M. LeVine and W. Li and W. Liu and A. Lowe and L. Luminari and T. Maeno and M. Losada Maia and L. Mapelli and B. Martin and R. McLaren and C. Meessen and C. Meirosu and A. G. Mello and G. Merino and A. Misiejuk and R. Mommsen and P. Morettini and G. Mornacchi and E. Moyse and M. M{\"u}ller and Y. Nagasaka and A. Nairz and K. Nakayoshi and A. Negri and N. Nikitin and A. Nisati and C. Padilla and I. Papadopoulos and F. Parodi and V. Perez-Reale and J. Petersen and J. L. Pinfold and P. Pinto and G. Polesello and B. Pope and D. Prigent and Z. Qian and S. Resconi and S. Rosati and D. A. Scannicchio and C. Schiavi and J. Schlereth and T. Schoerner-Sadenius and E. Segura and J. M. Seixas and T. Shears and M. Shimojima and S. Sivoklokov and M. Smizanska and R. Soluk and R. Spiwoks and S. Stancu and C. Stanescu and J. Strong and S. Tapprogge and L. Tremblet and F. Touchard and V. Vercesi and V. Vermeulen and A. Watson and T. Wengler and P. Werner and S. Wheeler and F. J. Wickens and W. Wiedenmann and M. Wielers and Y. Yasu and M. Yu and H. Zobernig and and M. Zurek},
	Date-Modified = {2009-02-11 10:35:44 -0200},
	Journal = {IEEE Transactions on Nuclear Science},
	Month = {junho},
	Number = {3},
	Pages = {909-914},
	Title = {The Second Level Trigger of the {ATLAS} Experiment at {CERN}'s {LHC}},
	Volume = {51},
	Year = {2004},
	Bdsk-File-1 = {YnBsaXN0MDDUAQIDBAUGCQpYJHZlcnNpb25UJHRvcFkkYXJjaGl2ZXJYJG9iamVjdHMSAAGGoNE
HCFRyb290gAFfEA9OU0tleWVkQXJjaGl2ZXKoCwwXGBkdJCVVJG51bGzTDQ4PEBEUViRjbGFzc1
dOUy5rZXlzWk5TLm9iamVjdHOAB6ISE4ACgAOiFRaABIAGWWFsaWFzRGF0YVxyZWxhdGl2ZVBhd
GjSDRobHFdOUy5kYXRhgAVPEQJYAAAAAAJYAAIAAAxNYWNpbnRvc2ggSEQAAAAAAAAAAAAAAAAA
AADFCI4CSCsAAAAGcvQfVGhlIFNlY29uZCBMZXZlbCBUcmkjMUQzNkZGLnBkZgAAAAAAAAAAAAA
AAAAAAAAAAAAAAAAAAAAAAAAAAAAAAB02/8W18a8AAAAAAAAAAAABAAMAAAkgAAAAAAAAAAAAAA
AAAAAABlBhcGVycwAQAAgAAMUIuDIAAAARAAgAAMW2Dc8AAAABABgABnL0AAZy8gAGJ0oABic/A
AOEiQAAeYwAAgBaTWFjaW50b3NoIEhEOlVzZXJzOnJ0b3JyZXM6RG91dG9yYWRvOlRlc2U6RG9j
dW1lbnRzOlBhcGVyczpUaGUgU2Vjb25kIExldmVsIFRyaSMxRDM2RkYucGRmAA4AggBAAFQAaAB
lACAAUwBlAGMAbwBuAGQAIABMAGUAdgBlAGwAIABUAHIAaQBnAGcAZQByACAAbwBmACAAdABoAG
UAIABBAFQATABBAFMAIABFAHgAcABlAHIAaQBtAGUAbgB0ACAAYQB0ACAAQwBFAFIATgAgAEwAS
ABDAC4AcABkAGYADwAaAAwATQBhAGMAaQBuAHQAbwBzAGgAIABIAEQAEgBuVXNlcnMvcnRvcnJl
cy9Eb3V0b3JhZG8vVGVzZS9Eb2N1bWVudHMvUGFwZXJzL1RoZSBTZWNvbmQgTGV2ZWwgVHJpZ2d
lciBvZiB0aGUgQVRMQVMgRXhwZXJpbWVudCBhdCBDRVJOIExIQy5wZGYAEwABLwAAFQACAA7//w
AA0h4fICFYJGNsYXNzZXNaJGNsYXNzbmFtZaMhIiNdTlNNdXRhYmxlRGF0YVZOU0RhdGFYTlNPY
mplY3RfEFQuLi9Eb2N1bWVudHMvUGFwZXJzL1RoZSBTZWNvbmQgTGV2ZWwgVHJpZ2dlciBvZiB0
aGUgQVRMQVMgRXhwZXJpbWVudCBhdCBDRVJOIExIQy5wZGbSHh8mJ6InI1xOU0RpY3Rpb25hcnk
ACAARABoAHwApADIANwA6AD8AQQBTAFwAYgBpAHAAeACDAIUAiACKAIwAjwCRAJMAnQCqAK8Atw
C5AxUDGgMjAy4DMgNAA0cDUAOnA6wDrwAAAAAAAAIBAAAAAAAAACgAAAAAAAAAAAAAAAAAAAO8}}

@periodical{bib:fastica,
	Author = {Aapo Hyv\"{a}rinen and Erkki Oja},
	Date-Modified = {2008-03-12 11:33:47 -0300},
	Journal = {Neural Computation},
	Pages = {1483-1492},
	Title = {A Fast Fixed-Point Algorithm For Independent Component Analysis},
	Volume = {9},
	Year = {1997}}

@book{bib:ica,
	Author = {Aapo Hyv\"{a}rinen and Juha Karhunen and Erkki Oja},
	Date-Modified = {2008-03-12 11:47:39 -0300},
	Publisher = {John Wiley \& Sons},
	Title = {Independent Component Analysis},
	Year = {2001}}

@book{bib:modern_operating_systems,
	Author = {Andrew Ss Tanenbaum},
	Date-Modified = {2008-03-27 16:03:38 -0300},
	Edition = {$2^a$},
	Publisher = {Prentice Hall},
	Title = {Modern Operating Systems},
	Year = {2001}}

@article{bib:william_time_series,
	Author = {William Ww Hsieh},
	Date-Modified = {2008-03-12 11:49:14 -0300},
	Journal = {Review of Geophysics},
	Month = {junho},
	Title = {Nonlinear Multivariate and Time Series Analysis by Neural Network Methods},
	Year = {2003}}

@webpage{bib:cern,
	Author = {CERN},
	Date-Modified = {2008-03-12 11:46:23 -0300},
	Month = {julho},
	Title = {European Organization for Nuclear Research},
	Url = {http://www.cern.ch},
	Year = {2007},
	Bdsk-Url-1 = {http://www.cern.ch}}

@article{bib:lhc_std_model,
	Author = {John Ellis},
	Date-Modified = {2009-02-06 15:04:23 -0200},
	Journal = {Nature},
	Month = {julho},
	Pages = {297-301},
	Title = {Beyond the Standard Model with the {LHC}},
	Volume = {448},
	Year = {2007}}

@techreport{bib:atlas_tech_prop,
	Author = {{ATLAS Collaboration}},
	Date-Modified = {2009-02-06 15:28:30 -0200},
	Institution = {CERN},
	Month = {dezembro},
	Title = {{ ATLAS} Technical Proposal},
	Url = {http://atlas.web.cern.ch/Atlas/TP/tp.html},
	Year = {1994},
	Bdsk-Url-1 = {http://atlas.web.cern.ch/Atlas/TP/tp.html}}

@book{bib:herbert_schildt_c++,
	Author = {Herbert Schildt},
	Date-Modified = {2008-03-12 11:43:03 -0300},
	Edition = {4th},
	Publisher = {McGraw-Hill},
	Title = {C++: The Complete Reference},
	Year = {2003}}

@book{bib:knoll_radiation_detection,
	Author = {Glenn Ff Knoll},
	Date-Modified = {2008-03-12 11:51:23 -0300},
	Edition = {2nd},
	Publisher = {John Wiley \& Sons},
	Title = {Radiation Detection and Measurement},
	Year = {1989}}

@book{bib:fpga,
	Author = {Stephen Brown and Zvonko Vranesic},
	Date-Modified = {2008-03-12 11:47:12 -0300},
	Publisher = {McGraw-Hill},
	Title = {Fundamentals of Digital Logic with VHDL Design},
	Year = {2000}}

@book{bib:livro_calorimetria,
	Author = {Richard Wigmans},
	Date-Modified = {2008-03-12 11:43:45 -0300},
	Publisher = {Oxford},
	Title = {Calorimetry: Energy Measurement In Particle Physics},
	Year = {2000}}

@unpublished{bib:missing_data_schafer,
	Author = {Joseph Ll Schafer and Maren Kk Olsen},
	Date-Modified = {2008-03-12 11:48:25 -0300},
	Month = {March},
	Title = {Multiple Imputation for Multivariate Missing-Data Problems: a Data Analyst's Perspective},
	Year = {1998}}

@techreport{bib:pesa_algorithms,
	Author = {{The PESA Core Algorithms Group}},
	Date-Modified = {2008-03-12 11:34:58 -0300},
	Institution = {CERN},
	Month = {junho},
	Title = {Algorithms for the {ATLAS} High Level Trigger},
	Type = {Manual},
	Year = {2003}}

@book{bib:standard_model,
	Author = {Tt Aliev and Nn Pak and Mm Serin},
	Date-Modified = {2008-03-12 11:53:26 -0300},
	Publisher = {Springer},
	Title = {The Standard Model and Beyond: Proceedings of the 2nd Int. Summer School in High Energy Physics},
	Volume = {1st},
	Year = {2007}}

@article{bib:acat_2005,
	Author = {Andre {dos Anjos} and Rodrigo Coura Torres and Jos{\'e} Manoel Seixas and Bruno Carneiro Ferreira and Thiago Ciodaro Xavier},
	Date-Modified = {2009-02-20 14:21:03 -0300},
	Journal = {Nuclear Instruments and Methods in Physics Research},
	Month = {maio},
	Pages = {134-138},
	Title = {Neural Triggering System Operating on High Resolution Calorimetry Information},
	Volume = {559},
	Year = {2006},
	Bdsk-File-1 = {YnBsaXN0MDDUAQIDBAUGCQpYJHZlcnNpb25UJHRvcFkkYXJjaGl2ZXJYJG9iamVjdHMSAAGGoNE
HCFRyb290gAFfEA9OU0tleWVkQXJjaGl2ZXKoCwwXGBkdJCVVJG51bGzTDQ4PEBEUViRjbGFzc1
dOUy5rZXlzWk5TLm9iamVjdHOAB6ISE4ACgAOiFRaABIAGWWFsaWFzRGF0YVxyZWxhdGl2ZVBhd
GjSDRobHFdOUy5kYXRhgAVPEQKMAAAAAAKMAAIAAAxNYWNpbnRvc2ggSEQAAAAAAAAAAAAAAAAA
AADFCI4CSCsAAAAGcvQfTmV1cmFsIFRyaWdnZXJpbmcgU3kjMUY5MjcyLnBkZgAAAAAAAAAAAAA
AAAAAAAAAAAAAAAAAAAAAAAAAAAAAAB+ScsXDc4MAAAAAAAAAAAABAAMAAAkgAAAAAAAAAAAAAA
AAAAAABlBhcGVycwAQAAgAAMUIuDIAAAARAAgAAMXDnbMAAAABABgABnL0AAZy8gAGJ0oABic/A
AOEiQAAeYwAAgBaTWFjaW50b3NoIEhEOlVzZXJzOnJ0b3JyZXM6RG91dG9yYWRvOlRlc2U6RG9j
dW1lbnRzOlBhcGVyczpOZXVyYWwgVHJpZ2dlcmluZyBTeSMxRjkyNzIucGRmAA4ApABRAE4AZQB
1AHIAYQBsACAAVAByAGkAZwBnAGUAcgBpAG4AZwAgAFMAeQBzAHQAZQBtACAATwBwAGUAcgBhAH
QAaQBuAGcAIABvAG4AIABIAGkAZwBoACAAUgBlAHMAbwBsAHUAdABpAG8AbgAgAEMAYQBsAG8Ac
gBpAG0AZQB0AHIAeQAgAEkAbgBmAG8AcgBtAGEAdABpAG8AbgAuAHAAZABmAA8AGgAMAE0AYQBj
AGkAbgB0AG8AcwBoACAASABEABIAf1VzZXJzL3J0b3JyZXMvRG91dG9yYWRvL1Rlc2UvRG9jdW1
lbnRzL1BhcGVycy9OZXVyYWwgVHJpZ2dlcmluZyBTeXN0ZW0gT3BlcmF0aW5nIG9uIEhpZ2ggUm
Vzb2x1dGlvbiBDYWxvcmltZXRyeSBJbmZvcm1hdGlvbi5wZGYAABMAAS8AABUAAgAO//8AANIeH
yAhWCRjbGFzc2VzWiRjbGFzc25hbWWjISIjXU5TTXV0YWJsZURhdGFWTlNEYXRhWE5TT2JqZWN0
XxBlLi4vRG9jdW1lbnRzL1BhcGVycy9OZXVyYWwgVHJpZ2dlcmluZyBTeXN0ZW0gT3BlcmF0aW5
nIG9uIEhpZ2ggUmVzb2x1dGlvbiBDYWxvcmltZXRyeSBJbmZvcm1hdGlvbi5wZGbSHh8mJ6InI1
xOU0RpY3Rpb25hcnkACAARABoAHwApADIANwA6AD8AQQBTAFwAYgBpAHAAeACDAIUAiACKAIwAj
wCRAJMAnQCqAK8AtwC5A0kDTgNXA2IDZgN0A3sDhAPsA/ED9AAAAAAAAAIBAAAAAAAAACgAAAAA
AAAAAAAAAAAAAAQB}}

@article{bib:relevance,
	Author = {A.~Gruber AND J.~M\"{o}ck AND J.~Fr\"{o}chtenicht AND D.~Goldner AND C.~Kiesling AND T.~Klober AND H.~Kolanoski AND T.~Kr\"{a}merk\"{a}mper AND P.~Ribarics},
	Date-Modified = {2008-03-12 11:50:54 -0300},
	Journal = {New Computing Techniques in Physics Research},
	Title = {Performance of Backpropagation Networks in the Second Level Trigger of the H1-Experiment},
	Year = {1994}}
